@ARTICLE{1982QJRAS..23..485D,
  author =       {{Disney}, M.~J. and {Wallace}, P.~T.},
  title =        "{STARLINK}",
  journal =      {\qjras},
  year =         1982,
  month =        dec,
  volume =       23,
  pages =        485,
  adsurl =       {http://adsabs.harvard.edu/abs/1982QJRAS..23..485D},
  adsnote =      {Provided by the SAO/NASA Astrophysics Data System}
}

@INPROCEEDINGS{1992ASPC...25..126A,
  author =       {{Allan}, P.~M.},
  title =        "{The ADAM software environment}",
  booktitle =    {Astronomical Data Analysis Software and Systems I},
  year =         1992,
  series =       {\aspconf},
  volume =       25,
  editor =       {{Worrall}, D.~M. and {Biemesderfer}, C. and
                  {Barnes}, J.},
  pages =        126,
  adsurl =       {http://adsabs.harvard.edu/abs/1992ASPC...25..126A},
  adsnote =      {Provided by the SAO/NASA Astrophysics Data System}
}

@INPROCEEDINGS{1992ASPC...25..479S,
  author =       {{Stewart}, J.~M. and {Beard}, S.~M. and {Mountain},
                  C.~M. and {Pickup}, D.~A. and {Bridger}, A.},
  title =        "{Automatic On-line Data Analysis for an Infrared
                  Long Slit Array Spectrometer}",
  keywords =     {SPECTROSCOPY, DATA ANALYSIS, DATA ACQUISITION,
                  INFRARED, INSTRUMENTATION, SOFTWARE ENVIRONMENTS},
  booktitle =    {Astronomical Data Analysis Software and Systems I},
  year =         1992,
  series =       {\aspconf},
  volume =       25,
  editor =       {{Worrall}, D.~M. and {Biemesderfer}, C. and
                  {Barnes}, J.},
  pages =        479,
  adsurl =       {http://adsabs.harvard.edu/abs/1992ASPC...25..479S},
  adsnote =      {Provided by the SAO/NASA Astrophysics Data System}
}

@INPROCEEDINGS{1993ASPC...41..401G,
  author =       {{Glasse}, A.~C.~H. and {Atad}, E. and {Montgomery},
                  D.},
  title =        "{MICHELLE: UKIRT's Mid-Infrared Echelle
                  Spectrometer}",
  booktitle =    {Astronomical Infrared Spectroscopy: Future
                  Observational Directions},
  year =         1993,
  series =       {\aspconf},
  volume =       41,
  editor =       {{Kwok}, S.},
  month =        jan,
  pages =        401,
  adsurl =       {http://adsabs.harvard.edu/abs/1993ASPC...41..401G},
  adsnote =      {Provided by the SAO/NASA Astrophysics Data System}
}

@INPROCEEDINGS{1995ASPC...77...58C,
  author =       {{Chavan}, A.~M. and {Albrecht}, M.~A.},
  title =        "{An Information System for Proposal Submission and
                  Handling}",
  booktitle =    {Astronomical Data Analysis Software and Systems IV},
  year =         1995,
  series =       {\aspconf},
  volume =       77,
  editor =       {{Shaw}, R.~A. and {Payne}, H.~E. and {Hayes},
                  J.~J.~E.},
  pages =        58,
  adsurl =       {http://adsabs.harvard.edu/abs/1995ASPC...77...58C},
  adsnote =      {Provided by the SAO/NASA Astrophysics Data System}
}

@INPROCEEDINGS{1995ASPC...77..395T,
  author =       {{Terrett}, D.~L.},
  title =        "{Interfacing the TK Toolkit to ADAM}",
  booktitle =    {Astronomical Data Analysis Software and Systems IV},
  year =         1995,
  series =       {\aspconf},
  volume =       77,
  editor =       {{Shaw}, R.~A. and {Payne}, H.~E. and {Hayes},
                  J.~J.~E.},
  pages =        395,
  adsurl =       {http://adsabs.harvard.edu/abs/1995ASPC...77..395T},
  adsnote =      {Provided by the SAO/NASA Astrophysics Data System}
}

@ARTICLE{1995ComPh...9...57A,
  author =       {{Alexander}, P. and {Gladden}, L.~F. and {Dubois},
                  P.~F.},
  title =        "{How to Create an X-Window Interface to Gnuplot and
                  Fortran Programs Using the Tcl/Tk Toolkit}",
  journal =      {Computers in Physics},
  year =         1995,
  volume =       9,
  pages =        57,
  doi =          {10.1063/1.4823376},
  adsurl =       {http://adsabs.harvard.edu/abs/1995ComPh...9...57A},
  adsnote =      {Provided by the SAO/NASA Astrophysics Data System}
}

@INPROCEEDINGS{1995SPIE.2479...62B,
  author =       {{Bailey}, J.~A. and {Farrell}, T. and {Shortridge},
                  K.},
  title =        "{DRAMA: an environment for distributed
                  instrumentation software}",
  booktitle =    {Telescope Control Systems},
  year =         1995,
  series =       {Proc.\ SPIE},
  volume =       2479,
  editor =       {{Wallace}, P.~T.},
  month =        jun,
  pages =        {62-68},
  doi =          {10.1117/12.211466},
  adsurl =       {http://adsabs.harvard.edu/abs/1995SPIE.2479...62B},
  adsnote =      {Provided by the SAO/NASA Astrophysics Data System}
}

@INPROCEEDINGS{1996ASPC...87..223D,
  author =       {{Daly}, P.~N. and {Wright}, G.~S. and {Bridger}, A.},
  title =        "{Real-Time Automated Data Reduction at UKIRT}",
  booktitle =    {New Observing Modes for the Next Century},
  year =         1996,
  series =       {\aspconf},
  volume =       87,
  editor =       {{Boroson}, T. and {Davies}, J. and {Robson}, I.},
  pages =        223,
  adsurl =       {http://adsabs.harvard.edu/abs/1996ASPC...87..223D},
  adsnote =      {Provided by the SAO/NASA Astrophysics Data System}
}

@INPROCEEDINGS{1996ASPC..101..248S,
  author =       {{Sergey}, G. and {Berman}, E. and {Huang}, C.~H. and
                  {Kent}, S. and {Newberg}, H. and {Nicinski}, T. and
                  {Petravick}, D. and {Stoughton}, C. and {Lupton},
                  R.},
  title =        "{Shiva: an astronomical data analysis framework}",
  keywords =     {Sky Surveys (Astronomy), Computer Programs, Image
                  Processing, Data Reduction, Computer Graphics},
  booktitle =    {Astronomical Data Analysis Software and Systems V},
  year =         1996,
  series =       {\aspconf},
  volume =       101,
  editor =       {{Jacoby}, G.~H. and {Barnes}, J.},
  pages =        248,
  adsurl =       {http://adsabs.harvard.edu/abs/1996ASPC..101..248S},
  adsnote =      {Provided by the SAO/NASA Astrophysics Data System}
}

@INPROCEEDINGS{1996ASPC..101..396H,
  author =       {{Herlin}, T. and {Brighton}, A. and {Biereichel},
                  P.},
  title =        "{The VLT Real Time Display}",
  booktitle =    {Astronomical Data Analysis Software and Systems V},
  year =         1996,
  series =       {\aspconf},
  volume =       101,
  editor =       {{Jacoby}, G.~H. and {Barnes}, J.},
  pages =        396,
  adsurl =       {http://adsabs.harvard.edu/abs/1996ASPC..101..396H},
  adsnote =      {Provided by the SAO/NASA Astrophysics Data System}
}

@INPROCEEDINGS{1998ASPC..145..196E,
  author =       {{Economou}, F. and {Bridger}, A. and {Wright},
                  G.~S. and {Rees}, N.~P. and {Jenness}, T.},
  title =        "{The Future of Data Reduction at UKIRT}",
  booktitle =    {Astronomical Data Analysis Software and Systems VII},
  year =         1998,
  series =       {\aspconf},
  volume =       145,
  editor =       {{Albrecht}, R. and {Hook}, R.~N. and {Bushouse},
                  H.~A.},
  pages =        196,
  adsurl =       {http://adsabs.harvard.edu/abs/1998ASPC..145..196E},
  adsnote =      {Provided by the SAO/NASA Astrophysics Data System}
}

@INPROCEEDINGS{1998SPIE.3349...89D,
  author =       {{Douglas}, R.~E.},
  title =        "{Testing and distribution of the RPS2 proposal
                  submission system}",
  booktitle =    {Observatory Operations to Optimize Scientific
                  Return},
  year =         1998,
  series =       {Proc.\ SPIE},
  volume =       3349,
  editor =       {{Quinn}, P.~J.},
  month =        jul,
  doi =          {10.1117/12.316476},
  pages =        {89-96},
  adsurl =       {http://adsabs.harvard.edu/abs/1998SPIE.3349...89D},
  adsnote =      {Provided by the SAO/NASA Astrophysics Data System}
}

@INPROCEEDINGS{1998SPIE.3349..184B,
  author =       {{Bridger}, A. and {Economou}, F. and {Wright},
                  G.~S. and {Currie}, M.~J.  },
  title =        "{Observing control and data reduction at the UKIRT}",
  booktitle =    {Observatory Operations to Optimize Scientific
                  Return},
  year =         1998,
  series =       {Proc.\ SPIE},
  volume =       3349,
  editor =       {{Quinn}, P.~J.},
  month =        jul,
  pages =        {184-194},
  doi =          {10.1117/12.316486},
  adsurl =       {http://adsabs.harvard.edu/abs/1998SPIE.3349..184B},
  adsnote =      {Provided by the SAO/NASA Astrophysics Data System}
}

@INPROCEEDINGS{1999ASPC..172...11E,
  author =       {{Economou}, F. and {Bridger}, A. and {Wright},
                  G.~S. and {Jenness}, T. and {Currie}, M.~J. and
                  {Adamson}, A.},
  title =        "{ORAC-DR: Pipelining With Other People's Code}",
  booktitle =    {Astronomical Data Analysis Software and Systems
                  VIII},
  year =         1999,
  series =       {\aspconf},
  volume =       172,
  editor =       {{Mehringer}, D.~M. and {Plante}, R.~L. and
                  {Roberts}, D.~A.},
  pages =        11,
  adsurl =       {http://adsabs.harvard.edu/abs/1999ASPC..172...11E},
  adsnote =      {Provided by the SAO/NASA Astrophysics Data System}
}

@INPROCEEDINGS{1999ASPC..172..171J,
  author =       {{Jenness}, T. and {Economou}, F.},
  title =        "{The SCUBA Data Reduction Pipeline: ORAC-DR at the
                  JCMT}",
  booktitle =    {Astronomical Data Analysis Software and Systems
                  VIII},
  year =         1999,
  series =       {\aspconf},
  volume =       172,
  editor =       {{Mehringer}, D.~M. and {Plante}, R.~L. and
                  {Roberts}, D.~A.},
  pages =        171,
  adsurl =       {http://adsabs.harvard.edu/abs/1999ASPC..172..171J},
  adsnote =      {Provided by the SAO/NASA Astrophysics Data System}
}

@INPROCEEDINGS{1999ASPC..172..483B,
  author =       {{Barrett}, P.~E. and {Bridgman}, W.~T.},
  title =        "{PyFITS, a FITS Module for Python}",
  booktitle =    {Astronomical Data Analysis Software and Systems
                  VIII},
  year =         1999,
  series =       {\aspconf},
  volume =       172,
  editor =       {{Mehringer}, D.~M. and {Plante}, R.~L. and
                  {Roberts}, D.~A.},
  pages =        483,
  adsurl =       {http://adsabs.harvard.edu/abs/1999ASPC..172..483B},
  adsnote =      {Provided by the SAO/NASA Astrophysics Data System}
}

@INPROCEEDINGS{1999ASPC..172..494J,
  author =       {{Jenness}, T. and {Economou}, F. and {Tilanus},
                  R.~P.~J. and {Best}, C. and {Prestage}, R.~M. and
                  {Shimek}, P. and {Glazebrook}, K. and {Farrell},
                  T.~J.},
  title =        "{Perl at the Joint Astronomy Centre}",
  booktitle =    {Astronomical Data Analysis Software and Systems
                  VIII},
  year =         1999,
  series =       {\aspconf},
  volume =       172,
  editor =       {{Mehringer}, D.~M. and {Plante}, R.~L. and
                  {Roberts}, D.~A.},
  pages =        494,
  adsurl =       {http://adsabs.harvard.edu/abs/1999ASPC..172..494J},
  adsnote =      {Provided by the SAO/NASA Astrophysics Data System}
}

@ARTICLE{1999MNRAS.303..659H,
  author =       {{Holland}, W.~S. and {Robson}, E.~I. and {Gear},
                  W.~K. and {Cunningham}, C.~R. and {Lightfoot},
                  J.~F. and {Jenness}, T. and {Ivison}, R.~J. and
                  {Stevens}, J.~A. and {Ade}, P.~A.~R. and {Griffin},
                  M.~J. and {Duncan}, W.~D. and {Murphy}, J.~A. and
                  {Naylor}, D.~A.},
  title =        "{SCUBA: a common-user submillimetre camera operating
                  on the James Clerk Maxwell Telescope}",
  journal =      {\mnras},
  eprint =       {astro-ph/9809122},
  keywords =     {INSTRUMENTATION: DETECTORS, TELESCOPES, DUST,
                  EXTINCTION, RADIO CONTINUUM: GALAXIES, RADIO
                  CONTINUUM: ISM, RADIO CONTINUUM: STARS},
  year =         1999,
  month =        mar,
  volume =       303,
  pages =        {659-672},
  doi =          {10.1046/j.1365-8711.1999.02111.x},
  adsurl =       {http://adsabs.harvard.edu/abs/1999MNRAS.303..659H},
  adsnote =      {Provided by the SAO/NASA Astrophysics Data System}
}

@INPROCEEDINGS{2000ASPC..216...59G,
  author =       {{Greenfield}, P. and {White}, R.~L.},
  title =        "{A New CL for IRAF Based On Python}",
  booktitle =    {Astronomical Data Analysis Software and Systems IX},
  year =         2000,
  series =       {\aspconf},
  volume =       216,
  editor =       {{Manset}, N. and {Veillet}, C. and {Crabtree}, D.},
  pages =        59,
  adsurl =       {http://adsabs.harvard.edu/abs/2000ASPC..216...59G},
  adsnote =      {Provided by the SAO/NASA Astrophysics Data System}
}

@INPROCEEDINGS{2000ASPC..216...91J,
  author =       {{Joye}, W. and {Mandel}, E.},
  title =        "{SAOTk and TclXPA: Tcl/Tk Extensions for Astronomy}",
  booktitle =    {Astronomical Data Analysis Software and Systems IX},
  year =         2000,
  series =       {\aspconf},
  volume =       216,
  editor =       {{Manset}, N. and {Veillet}, C. and {Crabtree}, D.},
  pages =        91,
  adsurl =       {http://adsabs.harvard.edu/abs/2000ASPC..216...91J},
  adsnote =      {Provided by the SAO/NASA Astrophysics Data System}
}

@INPROCEEDINGS{2002ASPC..281..488E,
  author =       {{Economou}, F. and {Jenness}, T. and {Tilanus},
                  R.~P.~J. and {Hirst}, P. and {Adamson}, A.~J. and
                  {Rippa}, M. and {Delorey}, K.~K. and {Isaak}, K.~G.},
  title =        "{Flexible Software for Flexible Scheduling}",
  keywords =     {scheduling, databases, observation preparation,
                  SOAP},
  booktitle =    {Astronomical Data Analysis Software and Systems XI},
  year =         2002,
  series =       {\aspconf},
  volume =       281,
  editor =       {{Bohlender}, D.~A. and {Durand}, D. and {Handley},
                  T.~H.},
  pages =        488,
  adsurl =       {http://adsabs.harvard.edu/abs/2002ASPC..281..488E},
  adsnote =      {Provided by the SAO/NASA Astrophysics Data System}
}

@INPROCEEDINGS{2002SPIE.4844..321E,
  author =       {{Economou}, F. and {Jenness}, T. and {Rees}, N.~P.},
  title =        "{Sharing code and support between heterogeneous
                  telescopes: the UKIRT and JCMT joint software
                  projects}",
  booktitle =    {Observatory Operations to Optimize Scientific Return
                  III},
  year =         2002,
  series =       {\procspie},
  volume =       4844,
  editor =       {{Quinn}, P.~J.},
  month =        dec,
  pages =        321,
  doi =          {10.1117/12.460642},
  adsurl =       {http://adsabs.harvard.edu/abs/2002SPIE.4844..321E},
  adsnote =      {Provided by the SAO/NASA Astrophysics Data System}
}

@INPROCEEDINGS{2003ASPC..295..237C,
  author =       {{Cavanagh}, B. and {Hirst}, P. and {Jenness}, T. and
                  {Economou}, F. and {Currie}, M.~J. and {Todd},
                  S. and {Ryder}, S.~D.},
  title =        "{ORAC-DR: One Pipeline for Multiple Telescopes}",
  booktitle =    {Astronomical Data Analysis Software and Systems XII},
  year =         2003,
  series =       {\aspconf},
  volume =       295,
  editor =       {{Payne}, H.~E. and {Jedrzejewski}, R.~I. and {Hook},
                  R.~N.},
  pages =        237,
  adsurl =       {http://adsabs.harvard.edu/abs/2003ASPC..295..237C},
  adsnote =      {Provided by the SAO/NASA Astrophysics Data System}
}

@INPROCEEDINGS{2003SPIE.4841..901R,
  author =       {{Roche}, P.~F. and {Lucas}, P.~W. and {Mackay},
                  C.~D. and {Ettedgui-Atad}, E. and {Hastings},
                  P.~R. and {Bridger}, A. and {Rees}, N.~P. and
                  {Leggett}, S.~K. and {Davis}, C. and {Holmes},
                  A.~R. and {Handford}, T.},
  title =        "{UFTI: the 0.8 - 2.5 {$\mu$}m fast track imager for
                  the UK infrared telescope}",
  booktitle =    {Instrument Design and Performance for
                  Optical/Infrared Ground-based Telescopes},
  year =         2003,
  series =       {Proc.\ SPIE},
  volume =       4841,
  editor =       {{Iye}, M. and {Moorwood}, A.~F.~M.},
  month =        mar,
  pages =        {901-912},
  doi =          {10.1117/12.460987},
  adsurl =       {http://adsabs.harvard.edu/abs/2003SPIE.4841..901R},
  adsnote =      {Provided by the SAO/NASA Astrophysics Data System}
}

@INPROCEEDINGS{2003SPIE.4855....1H,
  author =       {{Holland}, W.~S. and {Duncan}, W. and {Kelly},
                  B.~D. and {Irwin}, K.~D. and {Walton}, A.~J. and
                  {Ade}, P.~A.~R. and {Robson}, E.~I.},
  title =        "{SCUBA-2: a new generation submillimeter imager for
                  the James Clerk Maxwell Telescope}",
  booktitle =    {Millimeter and Submillimeter Detectors for
                  Astronomy},
  year =         2003,
  series =       {\procspie},
  volume =       4855,
  editor =       {{Phillips}, T.~G. and {Zmuidzinas}, J.},
  month =        feb,
  pages =        1,
  doi =          {10.1117/12.459152},
  adsurl =       {http://adsabs.harvard.edu/abs/2003SPIE.4855....1H},
  adsnote =      {Provided by the SAO/NASA Astrophysics Data System}
}

@INPROCEEDINGS{2004ASPC..314..460C,
  author =       {{Currie}, M.~J.},
  title =        "{Extending ORAC-DR for Offline Processing of ESO,
                  INGRID, and Classic Cam data}",
  booktitle =    {Astronomical Data Analysis Software and Systems
                  (ADASS) XIII},
  year =         2004,
  series =       {\aspconf},
  volume =       314,
  editor =       {{Ochsenbein}, F. and {Allen}, M.~G. and {Egret}, D.},
  month =        jul,
  pages =        460,
  adsurl =       {http://adsabs.harvard.edu/abs/2004ASPC..314..460C},
  adsnote =      {Provided by the SAO/NASA Astrophysics Data System}
}

@INPROCEEDINGS{2004SPIE.5492..998T,
  author =       {{Tinney}, C.~G. and {Ryder}, S.~D. and {Ellis},
                  S.~C. and {Churilov}, V. and {Dawson}, J. and
                  {Smith}, G.~A. and {Waller}, L. and {Whittard},
                  J.~D. and {Haynes}, R. and {Lankshear}, A. and
                  {Barton}, J.~R. and {Evans}, C.~J. and {Shortridge},
                  K. and {Farrell}, T. and {Bailey}, J.},
  title =        "{IRIS2: a working infrared multi-object spectrograph
                  and camera}",
  booktitle =    {Ground-based Instrumentation for Astronomy},
  year =         2004,
  series =       {Proc.\ SPIE},
  volume =       5492,
  editor =       {{Moorwood}, A.~F.~M. and {Iye}, M.},
  month =        sep,
  pages =        {998-1009},
  doi =          {10.1117/12.550980},
  adsurl =       {http://adsabs.harvard.edu/abs/2004SPIE.5492..998T},
  adsnote =      {Provided by the SAO/NASA Astrophysics Data System}
}

@INPROCEEDINGS{2004SPIE.5492.1160R,
  author =       {{Ramsay Howat}, S.~K. and {Todd}, S. and {Leggett},
                  S. and {Davis}, C. and {Strachan}, M. and
                  {Borrowman}, A. and {Ellis}, M. and {Elliot}, J. and
                  {Gostick}, D. and {Kackley}, R. and {Rippa}, M.},
  title =        "{The commissioning of and first results from the
                  UIST imager spectrometer}",
  booktitle =    {Ground-based Instrumentation for Astronomy},
  year =         2004,
  series =       {Proc.\ SPIE},
  volume =       5492,
  editor =       {{Moorwood}, A.~F.~M. and {Iye}, M.},
  month =        sep,
  pages =        {1160-1171},
  doi =          {10.1117/12.551673},
  adsurl =       {http://adsabs.harvard.edu/abs/2004SPIE.5492.1160R},
  adsnote =      {Provided by the SAO/NASA Astrophysics Data System}
}

@INPROCEEDINGS{2004SPIE.5493...24A,
  author =       {{Adamson}, A.~J. and {Tilanus}, R.~P. and {Buckle},
                  J. and {Davis}, G.~R. and {Economou}, F. and
                  {Jenness}, T. and {Delorey}, K.},
  title =        "{Science returns of flexible scheduling on UKIRT and
                  the JCMT}",
  booktitle =    {Optimizing Scientific Return for Astronomy through
                  Information Technologies},
  year =         2004,
  series =       {\procspie},
  volume =       5493,
  editor =       {{Quinn}, P.~J. and {Bridger}, A.},
  month =        sep,
  pages =        {24-32},
  doi =          {10.1117/12.555929},
  adsurl =       {http://adsabs.harvard.edu/abs/2004SPIE.5493...24A},
  adsnote =      {Provided by the SAO/NASA Astrophysics Data System}
}

@INPROCEEDINGS{2005ASPC..347..585G,
  author =       {{Gibb}, A.~G. and {Scott}, D. and {Jenness}, T. and
                  {Economou}, F. and {Kelly}, B.~D. and {Holland},
                  W.~S.},
  title =        "{Design of the SCUBA-2 Quick Look Display and Data
                  Reduction Pipeline}",
  booktitle =    {Astronomical Data Analysis Software and Systems XIV},
  year =         2005,
  series =       {\aspconf},
  volume =       347,
  editor =       {{Shopbell}, P. and {Britton}, M. and {Ebert}, R.},
  month =        dec,
  pages =        585,
  adsurl =       {http://adsabs.harvard.edu/abs/2005ASPC..347..585G},
  adsnote =      {Provided by the SAO/NASA Astrophysics Data System}
}

@INPROCEEDINGS{2006hstc.conf..437G,
  author =       {{Greenfield}, P. and {White}, R.~L.},
  title =        "{Where Will PyRAF Lead Us? The Future of Data
                  Analysis Software at STScI}",
  booktitle =    {The 2005 HST Calibration Workshop: Hubble After the
                  Transition to Two-Gyro Mode},
  year =         2006,
  editor =       {{Koekemoer}, A.~M. and {Goudfrooij}, P. and
                  {Dressel}, L.~L.  },
  month =        jan,
  pages =        437,
  adsurl =       {http://adsabs.harvard.edu/abs/2006hstc.conf..437G},
  adsnote =      {Provided by the SAO/NASA Astrophysics Data System}
}

@INPROCEEDINGS{2007ASPC..376..127M,
  author =       {{McMullin}, J.~P. and {Waters}, B. and {Schiebel},
                  D. and {Young}, W. and {Golap}, K.},
  title =        "{CASA Architecture and Applications}",
  booktitle =    {Astronomical Data Analysis Software and Systems XVI},
  year =         2007,
  series =       {\aspconf},
  volume =       376,
  editor =       {{Shaw}, R.~A. and {Hill}, F. and {Bell}, D.~J.},
  month =        oct,
  pages =        127,
  adsurl =       {http://adsabs.harvard.edu/abs/2007ASPC..376..127M},
  adsnote =      {Provided by the SAO/NASA Astrophysics Data System}
}

@ARTICLE{2008AN....329..295C,
  author =       {{Cavanagh}, B. and {Jenness}, T. and {Economou},
                  F. and {Currie}, M.~J.  },
  title =        "{The ORAC-DR data reduction pipeline}",
  journal =      {Astron.\ Nachr.},
  keywords =     {methods: data analysis, techniques: image
                  processing},
  year =         2008,
  month =        mar,
  volume =       329,
  pages =        295,
  doi =          {10.1002/asna.200710944},
  adsurl =       {http://adsabs.harvard.edu/abs/2008AN....329..295C},
  adsnote =      {Provided by the SAO/NASA Astrophysics Data System}
}

@INPROCEEDINGS{2008ASPC..394..565J,
  author =       {{Jenness}, T. and {Cavanagh}, B. and {Economou},
                  F. and {Berry}, D.~S.  },
  title =        "{JCMT Science Archive: Advanced Heterodyne Data
                  Products Pipeline}",
  booktitle =    {Astronomical Data Analysis Software and Systems
                  XVII},
  year =         2008,
  series =       {\aspconf},
  volume =       394,
  editor =       {{Argyle}, R.~W. and {Bunclark}, P.~S. and {Lewis},
                  J.~R.},
  month =        aug,
  pages =        565,
  adsurl =       {http://adsabs.harvard.edu/abs/2008ASPC..394..565J},
  adsnote =      {Provided by the SAO/NASA Astrophysics Data System}
}

@INPROCEEDINGS{2009ASPC..411..575D,
  author =       {{Draper}, P.~W. and {Berry}, D.~S. and {Jenness},
                  T. and {Economou}, F.  },
  title =        "{GAIA -- Version 4}",
  booktitle =    {Astronomical Data Analysis Software and Systems
                  XVIII},
  year =         2009,
  series =       {\aspconf},
  volume =       411,
  editor =       {{Bohlender}, D.~A. and {Durand}, D. and {Dowler},
                  P.},
  month =        sep,
  pages =        575,
  adsurl =       {http://adsabs.harvard.edu/abs/2009ASPC..411..575D},
  adsnote =      {Provided by the SAO/NASA Astrophysics Data System}
}

@ARTICLE{2009MNRAS.399.1026B,
  author =       {{Buckle}, J.~V. and {Hills}, R.~E. and {Smith},
                  H. and {Dent}, W.~R.~F. and {Bell}, G. and {Curtis},
                  E.~I. and {Dace}, R. and {Gibson}, H. and {Graves},
                  S.~F. and {Leech}, J. and {Richer}, J.~S. and
                  {Williamson}, R. and {Withington}, S. and {Yassin},
                  G. and {Bennett}, R. and {Hastings}, P. and
                  {Laidlaw}, I. and {Lightfoot}, J.~F. and {Burgess},
                  T. and {Dewdney}, P.~E. and {Hovey}, G. and
                  {Willis}, A.~G. and {Redman}, R. and {Wooff}, B. and
                  {Berry}, D.~S. and {Cavanagh}, B. and {Davis},
                  G.~R. and {Dempsey}, J. and {Friberg}, P. and
                  {Jenness}, T. and {Kackley}, R. and {Rees},
                  N.~P. and {Tilanus}, R. and {Walther}, C. and
                  {Zwart}, W. and {Klapwijk}, T.~M. and {Kroug},
                  M. and {Zijlstra}, T.},
  title =        "{HARP/ACSIS: a submillimetre spectral imaging system
                  on the James Clerk Maxwell Telescope}",
  journal =      {\mnras},
  archivePrefix ="arXiv",
  eprint =       {0907.3610},
  primaryClass = "astro-ph.IM",
  keywords =     {instrumentation: detectors , instrumentation:
                  spectrographs , methods: observational , techniques:
                  image processing , techniques: spectroscopic ,
                  submillimetre},
  year =         2009,
  month =        oct,
  volume =       399,
  pages =        1026,
  doi =          {10.1111/j.1365-2966.2009.15347.x},
  adsurl =       {http://adsabs.harvard.edu/abs/2009MNRAS.399.1026B},
  adsnote =      {Provided by the SAO/NASA Astrophysics Data System}
}

@INPROCEEDINGS{2010SPIE.7740E..15A,
  author =       {{Axelrod}, T. and {Kantor}, J. and {Lupton},
                  R.~H. and {Pierfederici}, F.  },
  title =        "{An open source application framework for
                  astronomical imaging pipelines}",
  booktitle =    {Software and Cyberinfrastructure for Astronomy},
  year =         2010,
  series =       {Proc.\ SPIE},
  editor =       {Nicole M. Radziwill and Alan Bridger},
  volume =       7740,
  month =        jul,
  eid =          774015,
  pages =        774015,
  doi =          {10.1117/12.857297},
  adsurl =       {http://adsabs.harvard.edu/abs/2010SPIE.7740E..15A},
  adsnote =      {Provided by the SAO/NASA Astrophysics Data System}
}

@INPROCEEDINGS{2011ASPC..442..203E,
  author =       {{Economou}, F. and {Jenness}, T. and {Cavanagh},
                  B. and {Goliath}, S. and {Redman}, R. and {Jenkins},
                  D. and {Berry}, D. and {Chrysostomou}, A. and
                  {Chapel}, B. and {Dowler}, P. and {Gaudet}, S. and
                  {Ouellette}, J. and {Schade}, D.},
  title =        "{The JSA and the Grid: How ``Infinite'' Computing
                  Power Enables a New Archive Model for PI-led
                  Observatories}",
  booktitle =    {Astronomical Data Analysis Software and Systems XX},
  year =         2011,
  series =       {\aspconf},
  volume =       442,
  editor =       {{Evans}, I.~N. and {Accomazzi}, A. and {Mink},
                  D.~J. and {Rots}, A.~H.  },
  month =        jul,
  pages =        203,
  adsurl =       {http://adsabs.harvard.edu/abs/2011ASPC..442..203E},
  adsnote =      {Provided by the SAO/NASA Astrophysics Data System}
}

@INPROCEEDINGS{2011tfa..confE..42J,
  author =       {{Jenness}, T. and {Economou}, F.},
  title =        "{Data Management at the UKIRT and JCMT}",
  keywords =     {JCMT, UKIRT, eSTAR, Data Handling, Pipelines},
  booktitle =    {Telescopes from Afar},
  year =         2011,
  archivePrefix ="arXiv",
  eprint =       {1111.5855},
  primaryClass = "astro-ph.IM",
  editor =       {{Gajadhar}, S. and {Walawender}, J. and {Genet},
                  R. and {Veillet}, C. and {Adamson}, A. and
                  {Martinez}, J. and {Melnik}, J. and {Jenness},
                  T. and {Manset}, N.},
  month =        mar,
  pages =        42,
  adsurl =       {http://adsabs.harvard.edu/abs/2011tfa..confE..42J},
  adsnote =      {Provided by the SAO/NASA Astrophysics Data System}
}

@INPROCEEDINGS{2012ASPC..461..595F,
  author =       {{Fitzpatrick}, M.},
  title =        "{IRAF: Lessons for Project Longevity}",
  booktitle =    {Astronomical Data Analysis Software and Systems XXI},
  year =         2012,
  series =       {\aspconf},
  volume =       461,
  editor =       {{Ballester}, P. and {Egret}, D. and {Lorente},
                  N.~P.~F.},
  month =        sep,
  pages =        595,
  adsurl =       {http://adsabs.harvard.edu/abs/2012ASPC..461..595F},
  adsnote =      {Provided by the SAO/NASA Astrophysics Data System}
}

@ARTICLE{2013A&A...558A..33A,
  author =       {{Astropy Collaboration}},
  title =        "{Astropy: A community Python package for astronomy}",
  journal =      {\aap},
  archivePrefix ="arXiv",
  eprint =       {1307.6212},
  primaryClass = "astro-ph.IM",
  keywords =     {methods: data analysis, methods: miscellaneous,
                  virtual observatory tools},
  year =         2013,
  month =        oct,
  volume =       558,
  eid =          {A33},
  pages =        {A33},
  doi =          {10.1051/0004-6361/201322068},
  adsurl =       {http://adsabs.harvard.edu/abs/2013A%26A...558A..33A},
  adsnote =      {Provided by the SAO/NASA Astrophysics Data System}
}

@ARTICLE{2013MNRAS.430.2513H,
  author =       {{Holland}, W.~S. and {Bintley}, D. and {Chapin},
                  E.~L. and {Chrysostomou}, A. and {Davis}, G.~R. and
                  {Dempsey}, J.~T. and {Duncan}, W.~D. and {Fich},
                  M. and {Friberg}, P. and {Halpern}, M. and {Irwin},
                  K.~D. and {Jenness}, T. and {Kelly}, B.~D. and
                  {MacIntosh}, M.~J. and {Robson}, E.~I. and {Scott},
                  D. and {Ade}, P.~A.~R. and {Atad-Ettedgui}, E. and
                  {Berry}, D.~S. and {Craig}, S.~C. and {Gao}, X. and
                  {Gibb}, A.~G. and {Hilton}, G.~C. and {Hollister},
                  M.~I. and {Kycia}, J.~B. and {Lunney}, D.~W. and
                  {McGregor}, H. and {Montgomery}, D. and {Parkes},
                  W. and {Tilanus}, R.~P.~J. and {Ullom}, J.~N. and
                  {Walther}, C.~A. and {Walton}, A.~J. and
                  {Woodcraft}, A.~L. and {Amiri}, M. and {Atkinson},
                  D. and {Burger}, B. and {Chuter}, T. and {Coulson},
                  I.~M. and {Doriese}, W.~B. and {Dunare}, C. and
                  {Economou}, F. and {Niemack}, M.~D. and {Parsons},
                  H.~A.~L. and {Reintsema}, C.~D. and {Sibthorpe},
                  B. and {Smail}, I. and {Sudiwala}, R. and {Thomas},
                  H.~S.  },
  title =        "{SCUBA-2: the 10 000 pixel bolometer camera on the
                  James Clerk Maxwell Telescope}",
  journal =      {\mnras},
  archivePrefix ="arXiv",
  eprint =       {1301.3650},
  primaryClass = "astro-ph.IM",
  keywords =     {instrumentation: detectors, submillimetre: general},
  year =         2013,
  month =        apr,
  volume =       430,
  pages =        2513,
  doi =          {10.1093/mnras/sts612},
  adsurl =       {http://adsabs.harvard.edu/abs/2013MNRAS.430.2513H},
  adsnote =      {Provided by the SAO/NASA Astrophysics Data System}
}

@ARTICLE{2013MNRAS.430.2545C,
  author =       {{Chapin}, E.~L. and {Berry}, D.~S. and {Gibb},
                  A.~G. and {Jenness}, T. and {Scott}, D. and
                  {Tilanus}, R.~P.~J. and {Economou}, F. and
                  {Holland}, W.~S.  },
  title =        "{SCUBA-2: iterative map-making with the
                  Sub-Millimetre User Reduction Facility}",
  journal =      {\mnras},
  archivePrefix ="arXiv",
  eprint =       {1301.3652},
  primaryClass = "astro-ph.IM",
  keywords =     {methods: data analysis, methods: observational,
                  techniques: image processing, submillimetre:
                  general},
  year =         2013,
  month =        apr,
  volume =       430,
  pages =        {2545-2573},
  doi =          {10.1093/mnras/stt052},
  adsurl =       {http://adsabs.harvard.edu/abs/2013MNRAS.430.2545C},
  adsnote =      {Provided by the SAO/NASA Astrophysics Data System}
}

@ARTICLE{2013PASP..125.1031B,
  author =       {{Brown}, T.~M. and {Baliber}, N. and {Bianco},
                  F.~B. and {Bowman}, M. and {Burleson}, B. and
                  {Conway}, P. and {Crellin}, M. and {Depagne},
                  {\'E}. and {De Vera}, J. and {Dilday}, B. and
                  {Dragomir}, D. and {Dubberley}, M. and {Eastman},
                  J.~D. and {Elphick}, M. and {Falarski}, M. and
                  {Foale}, S. and {Ford}, M. and {Fulton}, B.~J. and
                  {Garza}, J. and {Gomez}, E.~L. and {Graham}, M. and
                  {Greene}, R. and {Haldeman}, B. and {Hawkins},
                  E. and {Haworth}, B. and {Haynes}, R. and {Hidas},
                  M. and {Hjelstrom}, A.~E. and {Howell}, D.~A. and
                  {Hygelund}, J. and {Lister}, T.~A. and {Lobdill},
                  R. and {Martinez}, J. and {Mullins}, D.~S. and
                  {Norbury}, M. and {Parrent}, J. and {Paulson},
                  R. and {Petry}, D.~L. and {Pickles}, A. and
                  {Posner}, V. and {Rosing}, W.~E. and {Ross}, R. and
                  {Sand}, D.~J. and {Saunders}, E.~S. and {Shobbrook},
                  J. and {Shporer}, A. and {Street}, R.~A. and
                  {Thomas}, D. and {Tsapras}, Y. and {Tufts},
                  J.~R. and {Valenti}, S. and {Vander Horst}, K. and
                  {Walker}, Z. and {White}, G. and {Willis}, M.},
  title =        "{Las Cumbres Observatory Global Telescope Network}",
  journal =      {\pasp},
  archivePrefix ="arXiv",
  eprint =       {1305.2437},
  primaryClass = "astro-ph.IM",
  keywords =     {Astronomical Instrumentation},
  year =         2013,
  month =        sep,
  volume =       125,
  pages =        {1031-1055},
  doi =          {10.1086/673168},
  adsurl =       {http://adsabs.harvard.edu/abs/2013PASP..125.1031B},
  adsnote =      {Provided by the SAO/NASA Astrophysics Data System}
}

@ARTICLE{2014arXiv1407.6463E,
  author =       {{Economou}, F. and {Hoblitt}, J.~C. and {Norris},
                  P.},
  title =        "{Your data is your dogfood: DevOps in the
                  astronomical observatory}",
  journal =      {ArXiv e-prints},
  archivePrefix ="arXiv",
  eprint =       {1407.6463},
  primaryClass = "astro-ph.IM",
  keywords =     {Astrophysics - Instrumentation and Methods for
                  Astrophysics, Computer Science - Software
                  Engineering},
  year =         2014,
  month =        jul,
  adsurl =       {http://adsabs.harvard.edu/abs/2014arXiv1407.6463E},
  adsnote =      {Provided by the SAO/NASA Astrophysics Data System}
}

@INPROCEEDINGS{2014ASPC..485..143B,
  author =       {Graham S. Bell and Malcolm J. Currie and Russell
                  O. Redman and Maren Purves and Tim Jenness},
  title =        "{A New Archive of UKIRT Legacy Data at CADC}",
  booktitle =    {Astronomical Data Analysis Software and Systems
                  XXIII},
  pages =        143,
  volume =       485,
  year =         2014,
  editor =       {Nadine Manset and P. Forshay},
  series =       {\aspconf},
}

@INPROCEEDINGS{2014ASPC..485..359L,
  author =       {{Labrie}, K. and {Hirst}, P. and {Allen}, C. and
                  {Hogan}, E.  },
  title =        "{Gemini's Recipe System: A Publicly Available
                  Instrument-agnostic Pipeline Infrastructure}",
  booktitle =    {Astronomical Data Analysis Software and Systems
                  XXIII},
  year =         2014,
  series =       {\aspconf},
  volume =       485,
  editor =       {{Manset}, N. and {Forshay}, P.},
  month =        may,
  pages =        359,
  adsurl =       {http://adsabs.harvard.edu/abs/2014ASPC..485..359L},
  adsnote =      {Provided by the SAO/NASA Astrophysics Data System}
}

@INPROCEEDINGS{2014ASPC..485..391C,
  author =       {{Currie}, M.~J. and {Berry}, D.~S. and {Jenness},
                  T. and {Gibb}, A.~G. and {Bell}, G.~S. and {Draper},
                  P.~W.},
  title =        "{Starlink Software in 2013}",
  booktitle =    {Astronomical Data Analysis Software and Systems
                  XXIII},
  year =         2014,
  series =       {\aspconf},
  volume =       485,
  editor =       {{Manset}, N. and {Forshay}, P.},
  month =        may,
  pages =        391,
  adsurl =       {http://adsabs.harvard.edu/abs/2014ASPC..485..391C},
  adsnote =      {Provided by the SAO/NASA Astrophysics Data System}
}

@INPROCEEDINGS{2014ASPC..485..399M,
  author =       {{Marsden}, G. and {Brazier}, A. and {Jenness},
                  T. and {Sayers}, J. and {Scott}, D.},
  title =        "{Map-making for the Next Generation of Ground-based
                  Submillimeter Instruments}",
  booktitle =    {Astronomical Data Analysis Software and Systems
                  XXIII},
  year =         2014,
  series =       {\aspconf},
  volume =       485,
  archivePrefix ="arXiv",
  eprint =       {1405.0482},
  primaryClass = "astro-ph.IM",
  editor =       {{Manset}, N. and {Forshay}, P.},
  month =        may,
  pages =        399,
  adsurl =       {http://adsabs.harvard.edu/abs/2014ASPC..485..399M},
  adsnote =      {Provided by the SAO/NASA Astrophysics Data System}
}

@Article{2014Economou,
  author =       {Frossie Economou and S\'{e}verin Gaudet and Tim
                  Jenness and Russell O.\ Redman and Sharon Goliath
                  and Patrick Dowler and David Schade and Antonio
                  Chrysostomou},
  title =        "{Observatory/data centre partnerships and the
                  VO-centric archive: The JCMT Science Archive
                  experience}",
  journal =      {Astron.\ Comp.},
  year =         2014,
  volume =       {submitted},
}

@InProceedings{2014SPIE9152-93,
  author =       {Graham S. Bell and Sarah F. Graves and Malcolm
                  J. Currie and David S. Berry and Harriet
                  A. L. Parsons and Tim Jenness and Russell O. Redman
                  and Jessica T. Dempsey and Douglas I. Johnstone and
                  Frossie Economou },
  title =        "{Advanced data products for the JCMT Science
                  Archive}",
  booktitle =    "{Software and Cyberinfrastructure for Astronomy
                  III}",
  year =         2014,
  editor =       {Gianluca Chiozzi and Nicole M. Radziwill},
  volume =       9152,
  series =       {\procspie},
  pages =        {91522J},
  doi =          {10.1117/12.2054983},
}

@INPROCEEDINGS{2014SPIE9152-109,
  author =       {Tim Jenness and Martin C. Shepherd and Reinhold
                  Schaaf and Jack Sayers and Volker Ossenkopf and
                  Thomas Nikola and Gaelen Marsden and Ronan Higgins
                  and Kevin Edwards and Adam Brazier},
  title =        "{An overview of the planned CCAT software system}",
  booktitle =    {Software and Cyberinfrastructure for Astronomy III},
  volume =       9152,
  pages =        {91522W},
  year =         2014,
  doi =          {10.1117/12.2056516},
  archivePrefix ="arXiv",
  eprint =       {1406.1515},
  editor =       {Gianluca Chiozzi and Nicole M. Radziwill},
  series =       {Proc.\ SPIE},
}

@InProceedings{2014SPIE9153-21,
  author =       {Gordon J. Stacey and others},
  title =        "{SWCam: the short wavelength camera for the CCAT
                  observatory}",
  booktitle =    {Millimeter, Submillimeter, and Far-Infrared
                  Detectors and Instrumentation for Astronomy VII},
  year =         2014,
  editor =       {Wayne S. Holland and Jonas Zmuidzinas},
  volume =       9153,
  series =       {Proc.\ SPIE},
  pages =        {91530L},
  doi =          {10.1117/12.2057101},
}

@Article{JennessACSISDR,
  author =       {Tim Jenness and Malcolm J. Currie and Brad Cavanagh
                  and David S. Berry and Jamie Leech and Luca Rizzi},
  title =        "{Automated reduction of single-dish heterodyne data
                  from the James Clerk Maxwell Telescope using
                  ORAC-DR}",
  journal =      {Astronomy \& Computing},
  year =         2014,
  volume =       {in preparation},
}

@Article{PDL,
  author =       {Karl Glazebrook and Frossie Economou},
  title =        "{PDL: The Perl Data Language}",
  journal =      {Dr.\ Dobb's Journal},
  year =         1997,
  url =          {http://www.ddj.com/184410442},
  volume =       {Software Careers Special Issue},
}

@TechReport{SUN265,
  author =       {Andy G. Gibb and Tim Jenness and Frossie Economou},
  title =        "{PICARD --- a PIpeline for Combining and Analyzing
                  Reduced Data User's Guide}",
  institution =  {Joint Astronomy Centre},
  year =         2014,
  type =         {Starlink User Note},
  number =       265
}

@TechReport{SUN27,
  author =       {P. Daly},
  title =        "{Portable-CGS4DR: CGS4 Data Reduction Users' Guide}",
  institution =  {Joint Astronomy Centre},
  year =         1996,
  type =         {Starlink User Note},
  number =       27
}

@TechReport{SUN95,
  author =       {Malcolm J. Currie and David S. Berry},
  title =        "{KAPPA --- Kernel Application Package User's Guide}",
  institution =  {Joint Astronomy Centre / Starlink Project},
  year =         2014,
  type =         {Starlink User Note},
  number =       95
}

@INPROCEEDINGS{adassxxiii_P01,
  author =       {Graham S. Bell and Malcolm J. Currie and Russell
                  O. Redman and Maren Purves and Tim Jenness},
  title =        "{A New Archive of UKIRT Legacy Data at CADC}",
  booktitle =    {Astronomical Data Analysis Software and Systems
                  XXIII},
  pages =        143,
  volume =       485,
  year =         2014,
  editor =       {Nadine Manset and P. Forshay},
  series =       {\aspconf},
}

@Article{ndfjenness,
  author =       {Tim Jenness and David S. Berry and Malcolm J. Currie
                  and Peter W. Draper and Frossie Economou and Norman
                  Gray and Brian McIlwrath and Mark B. Taylor and
                  Patrick T. Wallace and Rodney F. Warren-Smith},
  title =        "{Learning from 25 years of the extensible
                  \emph{N}-Dimensional Data Format}",
  journal =      {Astronomy \& Computing},
  year =         2014,
  url =
                  {https://github.com/Starlink/aandc-ndf/releases/download/v1.00-submitted/acndf.pdf},
  volume =       {submitted}
}
